<record><leader>00000cas a2200000 a 4500</leader><controlfield tag="001">43981840</controlfield><controlfield tag="008">000504d19091912azudr ne      0   a0eng d</controlfield><datafield ind1=" " ind2=" " tag="010"><subfield code="a">sn 00060049 </subfield></datafield><datafield ind1=" " ind2=" " tag="040"><subfield code="a">ANN</subfield><subfield code="b">eng</subfield><subfield code="c">ANN</subfield><subfield code="d">OCLCF</subfield><subfield code="d">OCLCO</subfield></datafield><datafield ind1="1" ind2=" " tag="029"><subfield code="a">AU@</subfield><subfield code="b">000021576192</subfield></datafield><datafield ind1=" " ind2=" " tag="042"><subfield code="a">msc</subfield></datafield><datafield ind1=" " ind2=" " tag="043"><subfield code="a">n-us-az</subfield></datafield><datafield ind1="0" ind2=" " tag="130"><subfield code="a">Douglas daily international (Douglas, Ariz. : 1909)</subfield></datafield><datafield ind1="0" ind2="0" tag="245"><subfield code="a">Douglas daily international.</subfield></datafield><datafield ind1=" " ind2=" " tag="260"><subfield code="a">Douglas, Ariz. :</subfield><subfield code="b">Consolidated Print. and Pub. Co.,</subfield></datafield><datafield ind1=" " ind2=" " tag="300"><subfield code="a">v.</subfield></datafield><datafield ind1=" " ind2=" " tag="310"><subfield code="a">Daily (except Sun.)</subfield></datafield><datafield ind1="0" ind2=" " tag="362"><subfield code="a">Vol. 7, no. 189 (Apr. 1, 1909)-v. 10, no. 278 (June 29, 1912).</subfield></datafield><datafield ind1=" " ind2="0" tag="651"><subfield code="a">Douglas (Ariz.)</subfield><subfield code="v">Newspapers.</subfield></datafield><datafield ind1=" " ind2="0" tag="651"><subfield code="a">Cochise County (Ariz.)</subfield><subfield code="v">Newspapers.</subfield></datafield><datafield ind1=" " ind2="7" tag="655"><subfield code="a">Newspapers.</subfield><subfield code="2">fast</subfield><subfield code="0">(OCoLC)fst01423814</subfield></datafield><datafield ind1=" " ind2="7" tag="651"><subfield code="a">Arizona</subfield><subfield code="z">Cochise County.</subfield><subfield code="2">fast</subfield><subfield code="0">(OCoLC)fst01207405</subfield></datafield><datafield ind1=" " ind2="7" tag="651"><subfield code="a">Arizona</subfield><subfield code="z">Douglas.</subfield><subfield code="2">fast</subfield><subfield code="0">(OCoLC)fst01218843</subfield></datafield><datafield ind1=" " ind2=" " tag="752"><subfield code="a">United States</subfield><subfield code="b">Arizona</subfield><subfield code="c">Cochise</subfield><subfield code="d">Douglas.</subfield></datafield><datafield ind1="0" ind2="0" tag="780"><subfield code="t">Daily international-American</subfield><subfield code="w">(DLC)sn 96060781</subfield></datafield><datafield ind1="0" ind2="0" tag="785"><subfield code="t">Douglas international</subfield><subfield code="w">(DLC)sn 95060769</subfield></datafield></record>